@inproceedings{Wellman2006,
	author = {Wellman, Michael P.},
	title = {Methods for empirical game-theoretic analysis (Extended abstract)},
	booktitle = {21st National Conference on Artificial Intelligence},
	year = 2006,
	pages = {1552-1555}
}
@incollection{Cassell2013,
	author = {Cassell, Ben-Alexander and Wellman, Michael P.},
	title = {{EGTAOnline}: An experiment manager for simulation-based game studies},
	booktitle = {Multi-Agent-Based Simulation XIII},   
	editors = "Giardini, Francesca and Amblard, Fr\'ed\'eric",
	series=LNAI,
	Volume=7838,
	publisher="Springer",
	year = 2013
}
@inproceedings{Wiedenbeck2012,
	author = {Wiedenbeck, Bryce and Wellman, Michael P.},
	title = {Scaling Simulation-Based Game Analysis through Deviation-Preserving Reduction},
	booktitle = {11th International Conference on Autonomous Agents and Multiagent Systems},
	year = {2012},
	pages = {931-938}
}